<record><leader>00000cas a2200000 a 4500</leader><controlfield tag="001">37460804</controlfield><controlfield tag="008">970813d19081969oruwr ne      0    0eng c</controlfield><datafield ind1=" " ind2=" " tag="010"><subfield code="a">sn 96088093 </subfield></datafield><datafield ind1=" " ind2=" " tag="040"><subfield code="a">OCN</subfield><subfield code="b">eng</subfield><subfield code="c">OCN</subfield><subfield code="d">OCLCQ</subfield><subfield code="d">OCLCF</subfield><subfield code="d">OCLCO</subfield></datafield><datafield ind1="1" ind2=" " tag="029"><subfield code="a">AU@</subfield><subfield code="b">000013433379</subfield></datafield><datafield ind1=" " ind2=" " tag="042"><subfield code="a">pcc</subfield></datafield><datafield ind1=" " ind2=" " tag="043"><subfield code="a">n-us-or</subfield></datafield><datafield ind1="0" ind2="4" tag="245"><subfield code="a">The Monmouth herald.</subfield></datafield><datafield ind1=" " ind2=" " tag="260"><subfield code="a">Monmouth, Or. :</subfield><subfield code="b">Acorn Press,</subfield><subfield code="c">1908-1969.</subfield></datafield><datafield ind1=" " ind2=" " tag="300"><subfield code="a">v.</subfield></datafield><datafield ind1=" " ind2=" " tag="310"><subfield code="a">Weekly</subfield></datafield><datafield ind1="0" ind2=" " tag="362"><subfield code="a">Vol. 1, no. 1 (Sept. 4, 1908)-v. 61, no. 43 (June 26, 1969).</subfield></datafield><datafield ind1=" " ind2=" " tag="500"><subfield code="a">1925-1935 include newspaper published during school terms by Monmouth High School students.</subfield></datafield><datafield ind1=" " ind2=" " tag="580"><subfield code="a">Merged with: Independence enterprise (Independence, Or.), to form: Independence enterprise Monmouth herald.</subfield></datafield><datafield ind1=" " ind2="0" tag="651"><subfield code="a">Monmouth (Or.)</subfield><subfield code="v">Newspapers.</subfield></datafield><datafield ind1=" " ind2="7" tag="655"><subfield code="a">Newspapers.</subfield><subfield code="2">fast</subfield><subfield code="0">(OCoLC)fst01423814</subfield></datafield><datafield ind1=" " ind2="7" tag="651"><subfield code="a">Oregon</subfield><subfield code="z">Monmouth.</subfield><subfield code="2">fast</subfield><subfield code="0">(OCoLC)fst01225344</subfield></datafield><datafield ind1="0" ind2="2" tag="740"><subfield code="a">High times.</subfield></datafield><datafield ind1=" " ind2=" " tag="752"><subfield code="a">United States</subfield><subfield code="b">Oregon</subfield><subfield code="c">Polk</subfield><subfield code="d">Monmouth.</subfield></datafield><datafield ind1="1" ind2="7" tag="785"><subfield code="t">Independence enterprise (Independence, Or.)</subfield><subfield code="w">(DLC)sn 96088094</subfield></datafield><datafield ind1="1" ind2="7" tag="785"><subfield code="t">Independence enterprise Monmouth herald</subfield><subfield code="w">(DLC)sn 96088092</subfield></datafield></record>